@article{gamebenefits,
   author={Isabela Granic, Adam Lobel and Rutger C. M. E. Engels},
   title={The Benefits of Playing Video Games},
   journal={Radbound University Nijmegen},
   year={2014}
}

@article{currentStateCrossPlatform,
   author={Stefan Bruins},
   title={The current state of cross-platform game development for different device types
},
   year={2014}
}


@online{mdn2015,
   author={Mozilla},
   title={HTML},
   year = 2015,
   url={https://developer.mozilla.org/en-US/docs/Web/HTML}
}

